@article{Jiang2023-Weather-Dunhuang,
   author = {Jiang, X. Y. and Xie, H. R. and Zhang, R. H. and Luo, Z. H. and Zhang, Z. M. and Li, Y. H.},
   title = {Effect of abnormal weather on the microenvironment of Mogao Cave 285, Dunhuang},
   journal = {Journal of Physics: Conference Series},
   volume = {2654},
   number = {1},
   ISSN = {1742-6588
1742-6596},
   DOI = {10.1088/1742-6596/2654/1/012007},
   year = {2023},
   type = {Journal Article}
}
