@book{Coates:2018-Structural,
	isbn = {9781315273419},
	numpages = {618},
	publisher = {Taylor \& Francis Group},
	title = {Structural Analysis},
	url = {https://openlibrary.org/books/OL33776310M/Structural_Analysis},
	author = {Coates, R. C.},
	date = {2018},
	year = {2018},
}

@book{Riley:2007-Mechanics,
	author = {Riley, William F. and Sturges, Leroy D. and Morris, Don H.},
	title = {Mechanics of materials},
	publisher = {John Wiley},
	address = {Hoboken, N.J},
	edition = {6th},
	pages = {viii, 711 pages : illustrations},
	ISBN = {047170511X
	9780471705116},
	url = {http://www.loc.gov/catdir/enhancements/fy0626/2005058365-t.html},
	year = {2007},
	type = {Book}
}